<record><leader>00000cas a22000007a 4500</leader><controlfield tag="001">12823834</controlfield><controlfield tag="008">851120d18681889ohuwr ne      0    0eng d</controlfield><datafield ind1=" " ind2=" " tag="010"><subfield code="a">sn 85034415 </subfield></datafield><datafield ind1=" " ind2=" " tag="040"><subfield code="a">NPU</subfield><subfield code="b">eng</subfield><subfield code="c">NPU</subfield><subfield code="d">ONP</subfield><subfield code="d">NVF</subfield><subfield code="d">OCLCQ</subfield><subfield code="d">OCLCF</subfield><subfield code="d">OCLCO</subfield></datafield><datafield ind1="1" ind2=" " tag="029"><subfield code="a">AU@</subfield><subfield code="b">000024693237</subfield></datafield><datafield ind1=" " ind2=" " tag="042"><subfield code="a">msc</subfield></datafield><datafield ind1=" " ind2=" " tag="043"><subfield code="a">n-us-oh</subfield></datafield><datafield ind1="0" ind2=" " tag="130"><subfield code="a">Wood County sentinel (Bowling Green, Ohio : 1868)</subfield></datafield><datafield ind1="1" ind2="0" tag="245"><subfield code="a">Wood County sentinel.</subfield></datafield><datafield ind1=" " ind2=" " tag="260"><subfield code="a">Bowling Green, Ohio :</subfield><subfield code="b">M.P. Brewer,</subfield><subfield code="c">1868-1889.</subfield></datafield><datafield ind1=" " ind2=" " tag="300"><subfield code="a">v. ;</subfield><subfield code="c">63 cm.</subfield></datafield><datafield ind1=" " ind2=" " tag="310"><subfield code="a">Weekly</subfield></datafield><datafield ind1="0" ind2=" " tag="362"><subfield code="a">Vol. 2, no. 3 (Mar. 12, 1868)-v. 23, no. 10 (Apr. 25, 1889).</subfield></datafield><datafield ind1=" " ind2=" " tag="500"><subfield code="a">"Devoted to Republican principles; and the interests of Wood County."</subfield></datafield><datafield ind1=" " ind2="0" tag="651"><subfield code="a">Bowling Green (Ohio)</subfield><subfield code="v">Newspapers.</subfield></datafield><datafield ind1=" " ind2="7" tag="655"><subfield code="a">Newspapers.</subfield><subfield code="2">fast</subfield><subfield code="0">(OCoLC)fst01423814</subfield></datafield><datafield ind1=" " ind2="7" tag="651"><subfield code="a">Ohio</subfield><subfield code="z">Bowling Green.</subfield><subfield code="2">fast</subfield><subfield code="0">(OCoLC)fst01226886</subfield></datafield><datafield ind1=" " ind2=" " tag="752"><subfield code="a">United States</subfield><subfield code="b">Ohio</subfield><subfield code="c">Wood</subfield><subfield code="d">Bowling Green.</subfield></datafield><datafield ind1="0" ind2="0" tag="780"><subfield code="t">Bowling Green sentinel</subfield><subfield code="w">(DLC)sn 89075214</subfield></datafield><datafield ind1="0" ind2="7" tag="785"><subfield code="t">Wood County gazette</subfield><subfield code="w">(DLC)sn 89075215</subfield></datafield><datafield ind1="0" ind2="7" tag="785"><subfield code="t">Wood County sentinel and gazette</subfield><subfield code="w">(DLC)sn 89075216</subfield></datafield></record>